% This file was created with Citavi 5.5.0.1

@book{.1998,
 year = {1998},
 title = {{IEEE recommended practice for software requirements specifications}},
 address = {New York},
 edition = {Revision},
 publisher = {IEEE},
 isbn = {978-0-7381-0448-5}
}


@proceedings{.2009,
 year = {2009},
 title = {{Proceedings of the 23rd British HCI Group Annual Conference on People and Computers: Celebrating People and Technology}},
 address = {Swinton, UK, UK},
 publisher = {{British Computer Society}},
 series = {{BCS-HCI '09}}
}


@book{.2014,
 year = {2014},
 title = {{The Concept of a Real-Time Enterprise in Manufacturing: Design and Implementation of a Framework based on EDA and CEP}},
 address = {Wiesbaden},
 publisher = {{Springer Fachmedien Wiesbaden}},
 isbn = {978-3-658-03750-5}
}


@proceedings{.2017,
 year = {2017},
 title = {{Proceedings of the 2017 International Conference on Information System and Data Mining}},
 address = {New York, NY, USA},
 publisher = {ACM},
 isbn = {978-1-4503-4833-1},
 series = {{ICISDM '17}}
}


@book{Aichele.2016,
 author = {Aichele, Christian and Sch{\"o}nberger, Marius},
 year = {2016},
 title = {{E-Business: Eine {\"U}bersicht f{\"u}r erfolgreiches B2B und B2C}},
 price = {EUR 19.99 (DE), EUR 20.55 (AT), sfr 21.00 (freier Preis)},
 keywords = {BusinesstoBusinessMarketing;BusinesstoConsumer;Electronic Commerce},
 address = {Wiesbaden},
 publisher = {{Springer Vieweg}},
 isbn = {3-658-13686-3}
}


@inproceedings{Alsudani.2009,
 xref = {.2009},
 author = {Alsudani, Farah and Casey, Matthew},
 title = {{The Effect of Aesthetics on Web Credibility}},
 url = {\url{http://dl.acm.org/citation.cfm?id=1671011.1671077}},
 keywords = {aesthetics;credibility;Gestalt theory;unity},
 pages = {512--519},
 bookpagination = {page},
 publisher = {{British Computer Society}},
 series = {BCS-HCI '09},
 booktitle = {{Proceedings of the 23rd British HCI Group Annual Conference on People and Computers: Celebrating People and Technology}},
 year = {2009},
 address = {Swinton, UK, UK}
}


@article{AzilaGbettor2013,
 author = {Azila-Gbettor, Edem Maxwell and Avorga, Simon Mesa Kwodjo and Danku, Lydia Sylvia and Atatsi, Eli Ayawo},
 year = {2013},
 title = {{Physical Evidence and Quality Service Delivery in Public Hospitals in Ghana}},
 url = {\url{http://econjournals.com/index.php/irmm/article/viewFile/552/pdf}},
 urldate = {2017-06-20},
 pages = {153--163},
 pagination = {page},
 volume = {3},
 number = {4},
 journal = {{International Review of Management and Marketing}}
}


@book{Backhaus.2015b,
 author = {Backhaus, Klaus and Voeth, Markus},
 year = {2015},
 title = {{Handbuch Business-to-Business-Marketing: Grundlagen Gesch{\"a}ftsmodelle Instrumente des Industrieg{\"u}termarketing}},
 keywords = {BusinesstoBusinessMarketing},
 address = {Wiesbaden},
 edition = {2., vollst. {\"u}berarb. Aufl. 2015},
 publisher = {{Springer Gabler}},
 isbn = {978-383-49468-1-2},
 series = {{SpringerLink : B{\"u}cher}},
 doi = {\url{10.1007/978-3-8349-4681-2}}
}


@inproceedings{Bakar.2017,
 xref = {.2017},
 author = {Bakar, Zuriana Abu and Zain, Siti Zubaidah Mohd and Noor, Noor Maizura Mohd},
 title = {{A Study of Minimalist Principles for Designing Entrepreneurs' Website}},
 url = {\url{http://doi.acm.org/10.1145/3077584.3077609}},
 keywords = {Minimalist;minimalist principles;visual complex;web design},
 pages = {82--87},
 bookpagination = {page},
 publisher = {ACM},
 isbn = {978-1-4503-4833-1},
 series = {ICISDM '17},
 booktitle = {{Proceedings of the 2017 International Conference on Information System and Data Mining}},
 year = {2017},
 address = {New York, NY, USA},
 doi = {\url{10.1145/3077584.3077609}}
}


@incollection{Booms.1981,
 xref = {Donnelly.1981},
 author = {Booms, B. H. and Bitner, M. J.},
 title = {{Marketing strategies and organisation structures for service firms}},
 publisher = {{American Marketing Association}},
 editor = {Donnelly, J. and George, W.R},
 booktitle = {{Marketing of Services}},
 year = {1981}
}


@book{Brown.2014,
 author = {Brown, Dave and Roberts, Vicky},
 year = {2014},
 title = {{The iPhone app design manual: Create perfect designs for effortless coding and app store success}},
 url = {\url{http://proquest.tech.safaribooksonline.de/9781440334917}},
 address = {Cincinnati, Ohio},
 edition = {First edition (Online-Ausg.)},
 publisher = {{How Books}},
 isbn = {978-1-4403-3299-9}
}


@book{Buttigieg.2015,
 author = {Buttigieg, Stefan and Jevdjenic, Milorad.},
 year = {2015},
 title = {{Learning Node.js for mobile application development: Make use of Node.js to develop of a simple yet scalable cross-platform mobile application}},
 url = {\url{http://proquest.tech.safaribooksonline.de/9781785280498}},
 address = {Birmingham, UK},
 edition = {Online-Ausg},
 publisher = {{Packt Publishing}},
 isbn = {1-78217-504-0},
 series = {{Community experience distilled}}
}


@book{Carroll.1987,
 year = {1987},
 title = {{Interfacing Thought: Cognitive Aspects of Human-computer Interaction}},
 address = {Cambridge, MA, USA},
 publisher = {{MIT Press}},
 isbn = {0-262-03125-6},
 editor = {Carroll, John M.}
}


@book{Chesnut.2014,
 author = {Chesnut, Donald and Nichols, Kevin},
 year = {2014},
 title = {{UX for dummies}},
 url = {\url{http://proquest.tech.safaribooksonline.de/9781118852798}},
 address = {West Sussex, England},
 edition = {Online-Ausg},
 publisher = {{John Wiley {\&} Sons}},
 isbn = {978-1-118-85278-1},
 series = {{--For dummies}}
}


@book{Claen.2016,
 author = {Cla{\ss}en, Matthias},
 year = {2016},
 title = {{Marktorientierung in Business-to-Business-M{\"a}rkten: Eine empirische Untersuchung von mehrstufigen Marketingstrategien}},
 keywords = {BusinesstoBusinessMarketing;Marketingmanagement;Marketingtheorie},
 address = {Wiesbaden},
 edition = {1. Aufl. 2015},
 publisher = {{Springer Gabler}},
 isbn = {978-365-81091-4-1},
 series = {{SpringerLink : B{\"u}cher}},
 doi = {\url{10.1007/978-3-658-10914-1}}
}


@book{Cooper.2007,
 author = {Cooper, Alan and Reimann, Robert and Cronin, Dave},
 year = {2007},
 title = {{About face 3: The essentials of interaction design. - Prev. ed. cataloged as: About face 2.0}},
 url = {\url{http://proquest.tech.safaribooksonline.de/9780470084113}},
 address = {Indianapolis, Ind.},
 edition = {[3rd ed.], Completely rev. {\&} updated.},
 publisher = {{Wiley Pub}},
 isbn = {978-0-470-08411-3},
 series = {{Safari Books Online}}
}


@book{Crumlish.2015,
 author = {Crumlish, Christian and Malone, Erin},
 year = {2015},
 title = {{Designing social interfaces: Principles patterns and practices for improving the user experience}},
 url = {\url{http://proquest.tech.safaribooksonline.de/9781491919842}},
 address = {Sebastopol, CA},
 edition = {Second edition (Online-Ausg.)},
 publisher = {{O'Reilly Media}},
 isbn = {978-1-4919-1985-9}
}


@article{Davenport.2001,
 author = {Davenport, Thomas H. and Beck, John C.},
 year = {2001},
 title = {{The Attention Economy}},
 url = {\url{http://doi.acm.org/10.1145/376625.376626}},
 volume = {2001},
 number = {May},
 issn = {1530-2180},
 journal = {{Ubiquity}},
 doi = {\url{10.1145/376625.376626}}
}


@book{David.2014,
 author = {David, Matthew and Murman, Chris},
 year = {2014},
 title = {{Designing apps for success: Developing consistent app design practices}},
 url = {\url{http://proquest.tech.safaribooksonline.de/9780415834414}},
 address = {Burlington, MA},
 edition = {Online-Ausg},
 publisher = {{Focal Press}},
 isbn = {978-113-504-850-1}
}


@book{Donnelly.1981,
 year = {1981},
 title = {{Marketing of Services}},
 publisher = {{American Marketing Association}},
 editor = {Donnelly, J. and George, W.R}
}


@article{Dray.1995,
 author = {Dray, Susan},
 year = {1995},
 title = {{The importance of designing usable systems}},
 pages = {17--20},
 pagination = {page},
 volume = {2},
 number = {1},
 issn = {10725520},
 journal = {interactions},
 doi = {\url{10.1145/208143.208152}}
}


@book{Duong.2014,
 author = {Duong, Tony},
 year = {2014},
 title = {{IBM MobileFirst strategy software approach}},
 url = {\url{http://proquest.tech.safaribooksonline.de/073843910X}},
 address = {Poughkeepsie, NY},
 publisher = {{IBM Corp. International Technical Support Organization}},
 isbn = {978-0-7384-3910-5},
 series = {{IBM redbooks}}
}


@book{Ebert.2014,
 author = {Ebert, Christof},
 year = {2014},
 title = {{Systematisches Requirements Engineering: Anforderungen ermitteln spezifizieren analysieren und verwalten}},
 price = {EUR 39.90 (DE)},
 address = {Heidelberg},
 edition = {5., {\"u}berarb. Aufl.},
 publisher = {dpunkt-Verl.},
 isbn = {9783864901393}
}


@book{Enders.2016,
 author = {Enders, Jessica},
 year = {2016},
 title = {{Designing UX., Forms}},
 url = {\url{http://proquest.tech.safaribooksonline.de/9781457199912}},
 address = {Collingwood, VIC Australia},
 edition = {Online-Ausg},
 publisher = {{SitePoint Pty Ltd}},
 isbn = {978-0-9943470-5-3},
 series = {{Aspect of UX}}
}


@book{Faranello.2016,
 author = {Faranello, Scott},
 year = {2016},
 title = {{Practical UX design: A foundational yet practical approach to UX that delivers more creative collaborative holistic and mature design solutions regardless of your background or experience}},
 url = {\url{http://proquest.tech.safaribooksonline.de/9781785880896}},
 address = {Birmingham, UK},
 edition = {Online-Ausg},
 publisher = {{Packt Publishing}},
 isbn = {978-1-78588-089-6},
 series = {{Community experience distilled}}
}


@article{Farkas.1990,
 author = {Farkas, D. K. and Williams, T. R.},
 year = {1990},
 title = {{John Carroll's The Nurnberg Funnel and minimalist documentation}},
 pages = {182--187},
 pagination = {page},
 volume = {33},
 number = {4},
 issn = {03611434},
 journal = {{IEEE Transactions on Professional Communication}},
 doi = {\url{10.1109/47.62813}}
}


@book{Glaser.2015,
 author = {Glaser, J. D. and Grossman, Jeremiah},
 year = {2015},
 title = {{Secure development for mobile apps: How to design and code secure mobile applications with PHP and JavaScript}},
 url = {\url{http://proquest.tech.safaribooksonline.de/9781482209037}},
 address = {Boca Raton, FL},
 edition = {Online-Ausg},
 publisher = {{CRC Press}},
 isbn = {978-148-220-904-4}
}


@article{Guckert.2015,
 author = {Guckert, Michael and Taentzer, Gabriele},
 year = {2015},
 title = {{Plattformunabh{\"a}ngige Entwicklung mobiler Anwendungen it Augmented Reality-Funktionalit{\"a}t}},
 url = {\url{http://akwi.hswlu.ch/}},
 urldate = {2017-06-19},
 pages = {14--18},
 pagination = {page},
 number = {3},
 journal = {{Anwendungen und Konzepte der Wirtschaftsinformatik}}
}


@book{Hamm.2014,
 author = {Hamm, Matthew J.},
 year = {2014},
 title = {{Wireframing essentials: An introduction to user experience design : learn the fundamentals of designing the user experience for applications and websites}},
 url = {\url{http://proquest.tech.safaribooksonline.de/9781849698542}},
 address = {Birmingham, UK},
 publisher = {{Packt Pub}},
 isbn = {978-1-84969-854-2},
 series = {{Community experience distilled}}
}


@book{Hidalgo.2015,
 author = {Hidalgo, Carlos},
 year = {2015},
 title = {{Driving Demand: Transforming B2B Marketing to Meet the Needs of the Modern Buyer}},
 address = {New York},
 publisher = {{Palgrave Macmillan}},
 isbn = {978-1-137-52680-9},
 series = {{SpringerLink : B{\"u}cher}},
 doi = {\url{10.1057/9781137526809}}
}


@book{Hoekman.2016,
 author = {Hoekman, Robert},
 year = {2016},
 title = {{Experience required: How to become a UX leader regardless of your role}},
 url = {\url{http://proquest.tech.safaribooksonline.de/9780134399065}},
 address = {Place of publication not identified},
 edition = {Online-Ausg},
 publisher = {{New Riders}},
 isbn = {0-13-439906-4}
}


@misc{Hoepner2015,
 author = {Professor Dr. Hoepner, Gert},
 year = {2015},
 title = {{7Ps des Marketing-Mix -- WirtschaftsWiki}},
 url = {\url{https://www.wirtschaftswiki.fh-aachen.de/index.php?title=7Ps_des_Marketing-Mix&oldid=3111}},
 urldate = {2017-06-20}
}


@book{Kossiakoff.2011,
 abstract = {{\dq}Systems Engineering Principles and Practice is a national standard textbook for the study of traditional systems engineering for advanced undergraduate and graduate students. It addresses the need for an introductory overview, first-text for the development and acquisition of complex technical systems. The material is well organized, readable and fundamental to learning how to think like a systems engineer and carry out best practices in the field. Since systems engineering is still developing as a discipline, there have been new concepts and practices that have entered the field since the text was published in 2003. As an increasing number of students have used the text, topics have been discovered that would benefit from expansion, integration and clarification. The proposed second edition will be developed by colleagues of the original authors to upgrade this unique interdisciplinary guide to systems engineering to maintain relevance and currency in this rapidly changing and demanding field{\dq}--},
 author = {Kossiakoff, Alexander},
 year = {2011},
 title = {{Systems engineering: Principles and practice}},
 address = {Hoboken, N.J.},
 edition = {2nd ed.},
 volume = {67},
 publisher = {Wiley-Interscience},
 isbn = {978-0-470-40548-2},
 series = {{Wiley series in systems engineering and management}}
}


@book{Kotonya.2000,
 author = {Kotonya, Gerald and Sommerville, Ian},
 year = {2000},
 title = {{Requirements engineering: Processes and techniques}},
 address = {Chichester},
 edition = {Repr},
 publisher = {Wiley},
 isbn = {9780471972082},
 series = {{Worldwide series in computer science}}
}


@book{Kreutzer.2015,
 author = {Kreutzer, Ralf and Rumler, Andrea and Wille-Baumkauff, Benjamin},
 year = {2015},
 title = {{B2B-Online-Marketing und Social Media: Ein Praxisleitfaden}},
 keywords = {BusinesstoBusinessMarketing;OnlineMarketing;Soziale Software},
 address = {Wiesbaden},
 publisher = {{Springer Gabler}},
 isbn = {978-365-80469-5-8},
 series = {{SpringerLink : B{\"u}cher}},
 doi = {\url{10.1007/978-3-658-04695-8}}
}


@book{Lauesen.2008,
 author = {Lauesen, Soren},
 year = {2008},
 title = {{Software requirements: Styles and techniques}},
 address = {London and Munich},
 edition = {[Repr.]},
 publisher = {Addison-Wesley},
 isbn = {0201745704}
}


@book{Libby.2016,
 author = {Libby, Alex and Gupta, Gaurav and Talesra, Asoj},
 year = {2016},
 title = {{Responsive web design with HTML5 and CSS3 essentials: Design and deliver an optimal user experience for all devices}},
 url = {\url{http://proquest.tech.safaribooksonline.de/9781783553075}},
 address = {Birmingham, UK},
 edition = {Online-Ausg},
 publisher = {{Packt Publishing}},
 isbn = {1-78355-308-1},
 series = {{Community experience distilled}}
}


@book{McCarthy.1993,
 author = {McCarthy, Edmund Jerome and Perreault, JR, William D.},
 year = {1993},
 title = {{Basic marketing: A global-managerial approach}},
 keywords = {Marketing},
 address = {Homewood and Boston},
 edition = {11th ed.},
 publisher = {Irwin},
 isbn = {9780256105094}
}


@book{Meffert.2015,
 author = {Meffert, Heribert and Burmann, Christoph and Kirchgeorg, Manfred},
 year = {2015},
 title = {{Marketing: Grundlagen marktorientierter Unternehmensf{\"u}hrung Konzepte - Instrumente - Praxisbeispiele}},
 address = {Wiesbaden},
 edition = {12., {\"u}berarb. u. aktualisierte Aufl. 2014},
 publisher = {{Springer Gabler}},
 isbn = {978-3-658-02343-0},
 series = {{SpringerLink : B{\"u}cher}},
 doi = {\url{10.1007/978-3-658-02344-7}}
}


@book{Mendoza.2014,
 author = {Mendoza, Adrian},
 year = {2014},
 title = {{Mobile user experience: Patterns to make sense of it all}},
 url = {\url{http://proquest.tech.safaribooksonline.de/9780124095144}},
 address = {Waltham, MA},
 publisher = {{Morgan Kaufmann}},
 isbn = {978-0-12-409514-4}
}


@incollection{Metz.2014,
 xref = {.2014},
 author = {Metz, Daniel},
 title = {{Requirements Analysis}},
 url = {\url{http://dx.doi.org/10.1007/978-3-658-03750-5_3}},
 pages = {51--72},
 bookpagination = {page},
 publisher = {{Springer Fachmedien Wiesbaden}},
 isbn = {978-3-658-03750-5},
 booktitle = {{The Concept of a Real-Time Enterprise in Manufacturing: Design and Implementation of a Framework based on EDA and CEP}},
 year = {2014},
 address = {Wiesbaden},
 doi = {\url{10.1007/978-3-658-03750-5_3}}
}


@book{Mew.2015,
 author = {Mew, Kyle},
 year = {2015},
 title = {{Learning Material Design: Master Material Design and create beautiful animated interfaces for mobile and web applications}},
 url = {\url{http://proquest.tech.safaribooksonline.de/9781785289811}},
 address = {Birmingham, UK},
 edition = {Online-Ausg},
 publisher = {{Packt Publishing}},
 isbn = {978-1-78528-981-1},
 series = {{Community experience distilled}}
}


@book{Neil.2014,
 author = {Neil, Theresa},
 year = {2014},
 title = {{Mobile design pattern gallery: UI patterns for smartphone apps}},
 url = {\url{http://proquest.tech.safaribooksonline.de/9781449368586}},
 address = {Sebastopol, CA},
 edition = {2nd ed (Online-Ausg.)},
 publisher = {O'Reilly},
 isbn = {978-144-936-363-5}
}


@book{Newbery.2013,
 author = {Newbery, Patrick and Farnham, Kevin},
 year = {2013},
 title = {{Experience design: A framework for integrating brand experience and value}},
 url = {\url{http://proquest.tech.safaribooksonline.de/9781118728390}},
 address = {Hoboken, N.J.},
 publisher = {{J. Wiley {\&} Sons}},
 isbn = {978-1-118-60963-7}
}


@book{Niklas.2015,
 author = {Niklas, Susanne},
 year = {2015},
 title = {{Akzeptanz und Nutzung mobiler Applikationen}},
 keywords = {Akzeptanz;App},
 address = {Wiesbaden},
 publisher = {{Springer Gabler}},
 isbn = {978-365-80826-3-5},
 series = {{SpringerLink : B{\"u}cher}},
 doi = {\url{10.1007/978-3-658-08263-5}}
}


@book{Niranga.2015,
 author = {Niranga, S. S.},
 year = {2015},
 title = {{Mobile web performance optimization: Deliver a better mobile user experience by improving and optimizing your website - follow these practical steps for cutting-edge application development}},
 url = {\url{http://proquest.tech.safaribooksonline.de/9781785289972}},
 address = {Birmingham, UK},
 edition = {Online-Ausg},
 publisher = {{Packt Publishing}},
 isbn = {978-1-78528-997-2},
 series = {{Community experience distilled}}
}


@misc{PayPal,
 abstract = {Hier erfahren Sie weshalb PayPal-Zahlungen so beliebt sind. Dank des PayPal-K{\"a}ufer- und Verk{\"a}uferschutzes sind Ihre Transaktionen bei uns sicher.},
 editor = {PayPal},
 title = {{PayPal K{\"a}uferschutz | PayPal DE}},
 url = {\url{https://www.paypal.com/de/webapps/mpp/paypal-safety-and-security}},
 keywords = {Datenschutz;Datensicherheit;K{\"a}uferschutz;Online Sicherheit;PayPal Sicherheit;sicher bezahlen;sicher einkaufen;sicheres Bezahlen;Verk{\"a}uferschutz},
 urldate = {2017-06-20}
}


@book{Pfortsch.2013,
 author = {Pf{\"o}rtsch, Waldemar A. and Godefroid, Peter},
 year = {2013},
 title = {{Business-to-Business-Marketing}},
 price = {ca. EUR 34.00 (DE), ca. EUR 35.00 (AT)},
 keywords = {BusinesstoBusinessMarketing;Investitionsg{\"u}termarketing},
 address = {Herne},
 edition = {5., aktualisierte Aufl.},
 publisher = {Kiehl},
 isbn = {3-470-47175-4},
 series = {{Modernes Marketing f{\"u}r Studium und Praxis}}
}


@book{Platt.2016,
 author = {Platt, David S.},
 year = {2016},
 title = {{The joy of UX: User experience and interactive design for developers}},
 url = {\url{http://proquest.tech.safaribooksonline.de/9780134277790}},
 address = {Boston},
 edition = {Online-Ausg},
 publisher = {Addison-Wesley},
 isbn = {0-13-427779-1}
}


@book{Podjarny.2014,
 author = {Podjarny, Guy},
 year = {2014},
 title = {{Responsive {\&} fast: Implementing high-performance responsive design}},
 url = {\url{http://proquest.tech.safaribooksonline.de/9781491912935}},
 address = {Sebastopol, CA},
 publisher = {{O'Reilly Media}},
 isbn = {978-1-4919-1161-7}
}


@book{Pohl.2007,
 author = {Pohl, Klaus},
 year = {2007},
 title = {{Requirements Engineering: Grundlagen Prinzipien Techniken}},
 price = {ca. EUR 49.00, ca. EUR 50.40 (AT), ca. sfr 84.00},
 address = {Heidelberg},
 edition = {1. Aufl.},
 publisher = {dpunkt-Verl.},
 isbn = {9783898643429}
}


@article{Rafiq.1995,
 author = {Rafiq, Mohammed and Ahmed, Pervaiz K.},
 year = {1995},
 title = {{Using the 7Ps as a generic marketing mix}},
 pages = {4--15},
 pagination = {page},
 volume = {13},
 number = {9},
 issn = {0263-4503},
 journal = {{Marketing Intelligence {\&} Planning}},
 doi = {\url{10.1108/02634509510097793}}
}


@book{Reimers.2013,
 author = {Reimers, Tobias},
 year = {2013},
 title = {{Online-Marketing im B2B-Bereich f{\"u}r IT-Unternehmen: {\"U}berblick und Einstieg}},
 address = {Saarbr{\"u}cken},
 edition = {1. Aufl.},
 publisher = {{AV Akademikerverlag}},
 isbn = {3-639-47292-6}
}


@book{Robier.2016,
 author = {Robier, Johannes},
 year = {2016},
 title = {{Das einfache und emotionale Kauferlebnis: Mit Usability User Experience und Customer Experience anspruchsvolle Kunden gewinnen}},
 keywords = {Kaufverhalten;Marketing;Unternehmen},
 address = {Wiesbaden},
 edition = {1. Aufl. 2016},
 publisher = {{Springer Gabler}},
 isbn = {978-3-658-10130-5},
 series = {{SpringerLink : B{\"u}cher}},
 doi = {\url{10.1007/978-3-658-10130-5}}
}


@book{Robinson.2015,
 author = {Robinson, Simon and Jones, Matt and Marsden, Gary},
 year = {2015},
 title = {{There's not an app for that: Mobile user experience design for life}},
 url = {\url{http://proquest.tech.safaribooksonline.de/9780124166912}},
 address = {Waltham, MA},
 edition = {Online-Ausg},
 publisher = {{Morgan Kaufmann}},
 isbn = {978-012-416-699-8}
}


@book{Rosenzweig.2015,
 author = {Rosenzweig, Elizabeth},
 year = {2015},
 title = {{Successful user experience: Strategies and roadmaps}},
 url = {\url{http://proquest.tech.safaribooksonline.de/9780128010617}},
 address = {Waltham, MA},
 edition = {First edition (Online-Ausg.)},
 publisher = {{Morgan Kaufmann}},
 isbn = {978-0-12-800985-7}
}


@book{RueggSturm.2003,
 author = {R{\"u}egg-St{\"u}rm, Johannes},
 year = {2003},
 title = {{Das neue St. Galler Management-Modell: Grundkategorien einer integrierten Managementlehre: der HSG-Ansatz}},
 keywords = {Sankt Galler Modell},
 address = {Bern and Stuttgart and Wien},
 edition = {2., durchges. Aufl.},
 publisher = {Haupt},
 isbn = {978-3-258-06629-5}
}


@misc{Sachs.20.04.2017,
 author = {London, Nick},
 year = {2017},
 title = {{Rahmendbedingung Migrationsprojekte}},
 address = {Frankfurt am Main},
 howpublished = {Ged{\"a}chtnisprotokoll}
}


@book{Sauro.2016,
 author = {Sauro, Jeff and Lewis, James R.},
 year = {2016},
 title = {{Quantifying the user experience: Practical statistics for user research}},
 url = {\url{http://proquest.tech.safaribooksonline.de/9780128025482}},
 address = {Cambridge, MA},
 edition = {2nd edition (Online-Ausg.)},
 publisher = {{Morgan Kaufmann}},
 isbn = {978-0-12-802308-2}
}


@book{Schaffer.2014,
 author = {Schaffer, Eric and Lahiri, Apala},
 year = {2014},
 title = {{Institutionalization of UX: A step-by-step guide to a user experience practice}},
 url = {\url{http://proquest.tech.safaribooksonline.de/9780133123845}},
 address = {Upper Saddle River, NJ},
 edition = {2nd ed.},
 publisher = {Addison-Wesley},
 isbn = {978-0-321-88481-7}
}


@book{Schickler.2015,
 author = {Schickler, Marc and Reichert, Manfred and Pryss, R{\"u}diger and Schobel, Johannes and Schlee, Winfried and Langguth, Berthold},
 year = {2015},
 title = {{Entwicklung mobiler Apps: Konzepte Anwendungsbausteine und Werkzeuge im Business und E-Health}},
 keywords = {Android 4;Anforderungsdefinition;Anwendungssystem;App;Benutzerfreundlichkeit;Benutzeroberfl{\"a}che;Framework;iOS 7;Mobiles Endger{\"a}t;Ohrger{\"a}usch;Programmierung},
 address = {Berlin, Heidelberg},
 edition = {1. Aufl. 2015},
 publisher = {{Springer Vieweg}},
 isbn = {978-3-642-33057-5},
 series = {{SpringerLink : B{\"u}cher}},
 doi = {\url{10.1007/978-3-642-33057-5}}
}


@book{Schilling.2016,
 author = {Schilling, Karolina},
 year = {2016},
 title = {{Apps machen: Der Kompaktkurs f{\"u}r Designer: von der Idee bis zum klickbaren Prototyp}},
 price = {ca. EUR 39.99 (DE), ca. EUR 41.20 (AT), ca. sfr 53.90 (freier Pr.)},
 keywords = {App},
 address = {M{\"u}nchen},
 publisher = {Hanser},
 isbn = {3-446-44574-9}
}


@book{Semler.2016,
 author = {Semler, Jan},
 year = {2016},
 title = {{App-Design: Alles zu Gestaltung Usability und User Experience}},
 price = {EUR 39.90 (DE), EUR 41.10 (AT), sfr 49.90 (freier Pr.)},
 keywords = {App;Benutzerfreundlichkeit;Programmierung},
 address = {Bonn},
 edition = {1. Auflage},
 publisher = {{Rheinwerk Computing}},
 isbn = {3-8362-3453-X},
 series = {{Rheinwerk Design}}
}


@misc{Seogaard.n.y.,
 author = {Seogaard, Mads},
 title = {{22. Gestalt principles of form perception}},
 url = {\url{https://www.interaction-design.org/literature/book/the-glossary-of-human-computer-interaction/gestalt-principles-of-form-perception}},
 address = {Aarhus},
 urldate = {2017-05-27}
}


@book{Sieck.2014,
 author = {Sieck, Hartmut and Goldmann, Andreas},
 year = {2014},
 title = {{Erfolgreich verkaufen im B2B: Kunden analysieren Anfragen bewerten Gesch{\"a}ftspotenziale erarbeiten}},
 keywords = {BusinesstoBusinessMarketing;Kundenorientierung;Verkaufsgespr{\"a}ch},
 address = {Wiesbaden},
 edition = {2., {\"u}berarb. Aufl. 2014},
 publisher = {{Springer Gabler}},
 isbn = {978-365-80395-1-6},
 series = {{SpringerLink : B{\"u}cher}},
 doi = {\url{10.1007/978-3-658-03951-6}}
}


@book{Siegner.2014,
 author = {Siegner, Thomas},
 year = {2014},
 title = {{Reality Bites: Best Practices {\&} Erfolgsfaktoren im B2B-Marketing}},
 price = {EUR 39.95 (DE), EUR 41.10 (AT), sfr 53.90 (freier Pr.)},
 keywords = {Aufsatzsammlung;BusinesstoBusinessMarketing},
 address = {Freiburg and M{\"u}nchen},
 edition = {1. Aufl.},
 publisher = {Haufe},
 isbn = {3-648-05695-6}
}


@misc{Soegaard.n.y.,
 abstract = {Gestalt principles for interactive design - excellent introduction},
 author = {Soegaard, Mads},
 editor = {{The Interaction Design Foundation}},
 title = {{Gestalt principles of form perception}},
 url = {\url{https://www.interaction-design.org/literature/book/the-glossary-of-human-computer-interaction/gestalt-principles-of-form-perception}},
 address = {Aarhus},
 urldate = {2017-06-27}
}


@book{Sommerville.2000,
 author = {Sommerville, Ian and Sawyer, Pete},
 year = {2000},
 title = {{Requirements engineering: A good practice guide}},
 address = {Chichester},
 edition = {Repr},
 publisher = {Wiley},
 isbn = {0471974447}
}


@misc{SouthwestTech,
 editor = {{Southwest Tech}},
 title = {{Welcome to Southwest Tech}},
 url = {\url{https://www.swtc.edu/academics/programs/business/supply-chain-management}},
 urldate = {2017-06-21}
}


@book{Sternberg.2012,
 author = {Sternberg, Robert J. and Sternberg, Karin and Mio, Jeffery Scott},
 year = {2012},
 title = {{Cognitive psychology}},
 address = {Belmont, CA},
 edition = {6th ed.},
 publisher = {{Wadsworth/Cengage Learning}},
 isbn = {978-1-111-34476-4}
}


@misc{Stevenson.n.y.,
 author = {Stevenson, Herb},
 title = {{Emergence: The Gestalt Approach to Change}},
 url = {\url{http://www.clevelandconsultinggroup.com/articles/emergence-gestalt-approach-to-change.php}},
 address = {Novelty},
 urldate = {2017-05-27}
}


@book{Thesmann.2016,
 author = {Thesmann, Stephan},
 year = {2016},
 title = {{Interface Design: Usability User Experience und Accessibility im Web gestalten}},
 address = {Wiesbaden},
 edition = {2. Aufl. 2016},
 publisher = {{Springer Vieweg}},
 isbn = {978-3-658-03857-1},
 series = {{SpringerLink : B{\"u}cher}},
 doi = {\url{10.1007/978-3-658-03857-1}}
}


@book{Thommen.2012,
 author = {Thommen, Jean-Paul and Achleitner, Ann-Kristin},
 year = {2012},
 title = {{Allgemeine Betriebswirtschaftslehre: Umfassende Einf{\"u}hrung aus managementorientierter Sicht}},
 url = {\url{http://dx.doi.org/10.1007/978-3-8349-3844-2}},
 address = {Wiesbaden and s.l},
 edition = {7., vollst{\"a}ndig {\"u}berarbeitete Auflage},
 publisher = {{Gabler Verlag}},
 isbn = {978-3-8349-3416-1},
 series = {{Springer eBook Collection : Business and Economics}}
}


@article{Todorovic.2008,
 author = {Todorovic, Dejan},
 year = {2008},
 title = {{Gestalt principles}},
 pages = {5345},
 pagination = {page},
 volume = {3},
 number = {12},
 issn = {1941-6016},
 journal = {{Scholarpedia}},
 doi = {\url{10.4249/scholarpedia.5345}}
}


@book{Tosic.2015,
 author = {Tosic, Marko},
 year = {2015},
 title = {{Apps f{\"u}r KMU: Praktisches Hintergrundwissen f{\"u}r Unternehmer}},
 keywords = {App;Klein und Mittelbetrieb},
 address = {Wiesbaden},
 publisher = {{Springer Gabler}},
 isbn = {978-3-658-10537-2},
 series = {{SpringerLink : B{\"u}cher}},
 doi = {\url{10.1007/978-3-658-10537-2}}
}


@article{Vilela.2016,
 author = {Vilela, Jessyka and Goncalves, Enyo and Holanda, Ana Carla and Castro, Jaelson and Figueiredo, Bruno},
 year = {2016},
 title = {{A retrospective analysis of SAC requirements}},
 pages = {26--41},
 pagination = {page},
 volume = {16},
 number = {2},
 issn = {15596915},
 journal = {{ACM SIGAPP Applied Computing Review}},
 doi = {\url{10.1145/2993231.2993234}}
}


@book{WilleBaumkauff.2015,
 author = {Wille-Baumkauff, Benjamin},
 year = {2015},
 title = {{Onlinemarkenkommunikation und Markenloyalit{\"a}t im B2B-Segment}},
 keywords = {BusinesstoBusinessMarketing;Kundenorientierung;Markenpolitik;OnlineMarketing},
 address = {Wiesbaden},
 publisher = {{Springer Gabler}},
 isbn = {978-365-80983-1-5},
 series = {{SpringerLink : B{\"u}cher}},
 doi = {\url{10.1007/978-3-658-09831-5}}
}


@book{Williamson.2016,
 author = {Williamson, Leigh and Barcia, Roland and Chandgadkar, Omkar and Mathur, Ashish and Ray, Soma and Schrag, Darrell and Snook, Roger and Zhang, Jianjun},
 year = {2016},
 title = {{Enterprise class mobile application development: A complete lifecycle approach for producing mobile apps}},
 url = {\url{http://proquest.tech.safaribooksonline.de/9780133478679}},
 address = {New York},
 edition = {Online-Ausg},
 publisher = {{IBM Press}},
 isbn = {0-13-347867-X}
}


