@book{mykey,
date = {1998/2000},
title = {{{Mytitle {and} sometitle}}},
location = {Germany},
edition = {Release},
publisher = {IBM},
isbn = {978-0-7381-0448-5}
}